<record><leader>00000cas a2200000 a 4500</leader><controlfield tag="001">14156994</controlfield><controlfield tag="008">860828d18611862vaudn ne      0    0eng  </controlfield><datafield ind1=" " ind2=" " tag="010"><subfield code="a">sn 86071866 </subfield></datafield><datafield ind1=" " ind2=" " tag="040"><subfield code="a">DLC</subfield><subfield code="b">eng</subfield><subfield code="c">DLC</subfield><subfield code="d">PPM</subfield><subfield code="d">YOX</subfield><subfield code="d">NPH</subfield><subfield code="d">DLC</subfield><subfield code="d">CNK</subfield><subfield code="d">NVK</subfield><subfield code="d">OCL</subfield><subfield code="d">CVF</subfield><subfield code="d">NVF</subfield><subfield code="d">CRL</subfield><subfield code="d">KRTAS</subfield><subfield code="d">CUI</subfield><subfield code="d">DLC</subfield><subfield code="d">OCLCQ</subfield><subfield code="d">OCLCF</subfield></datafield><datafield ind1="1" ind2=" " tag="029"><subfield code="a">AU@</subfield><subfield code="b">000020236418</subfield></datafield><datafield ind1=" " ind2=" " tag="042"><subfield code="a">pcc</subfield></datafield><datafield ind1=" " ind2=" " tag="043"><subfield code="a">n-us-va</subfield></datafield><datafield ind1="0" ind2="0" tag="050"><subfield code="a">Newspaper</subfield></datafield><datafield ind1=" " ind2="4" tag="050"><subfield code="a">AN</subfield></datafield><datafield ind1="0" ind2=" " tag="130"><subfield code="a">Daily Richmond Whig (Richmond, Va. : 1861)</subfield></datafield><datafield ind1="1" ind2="0" tag="245"><subfield code="a">Daily Richmond Whig.</subfield></datafield><datafield ind1="1" ind2=" " tag="246"><subfield code="i">Sometimes published as:</subfield><subfield code="a">Richmond daily Whig</subfield></datafield><datafield ind1="1" ind2="3" tag="246"><subfield code="a">Richmond Whig</subfield></datafield><datafield ind1=" " ind2=" " tag="260"><subfield code="a">Richmond, Va. :</subfield><subfield code="b">[Bondurant &amp; Elliot],</subfield><subfield code="c">1861-1862.</subfield></datafield><datafield ind1=" " ind2=" " tag="300"><subfield code="a">2 v.</subfield></datafield><datafield ind1=" " ind2=" " tag="310"><subfield code="a">Daily (except Sun.)</subfield></datafield><datafield ind1="0" ind2=" " tag="362"><subfield code="a">Vol. 66, no. 58 (Sept. 5, 1861)-v. 67, no. 117 (May 14, 1862).</subfield></datafield><datafield ind1=" " ind2=" " tag="530"><subfield code="a">Available on microfilm from the Library of Virginia and UMI.</subfield></datafield><datafield ind1=" " ind2=" " tag="580"><subfield code="a">Semiweekly ed.: Richmond Whig &amp; public advertiser.</subfield></datafield><datafield ind1=" " ind2="0" tag="651"><subfield code="a">Richmond (Va.)</subfield><subfield code="v">Newspapers.</subfield></datafield><datafield ind1=" " ind2="7" tag="655"><subfield code="a">Newspapers.</subfield><subfield code="2">fast</subfield><subfield code="0">(OCoLC)fst01423814</subfield></datafield><datafield ind1=" " ind2="7" tag="651"><subfield code="a">Virginia</subfield><subfield code="z">Richmond.</subfield><subfield code="2">fast</subfield><subfield code="0">(OCoLC)fst01205345</subfield></datafield><datafield ind1=" " ind2=" " tag="752"><subfield code="a">United States</subfield><subfield code="b">Virginia</subfield><subfield code="d">Richmond.</subfield></datafield><datafield ind1="1" ind2=" " tag="775"><subfield code="t">Richmond Whig &amp; public advertiser</subfield><subfield code="w">(DLC)sn 84024658</subfield><subfield code="w">(OCoLC)2252792</subfield></datafield><datafield ind1="0" ind2=" " tag="775"><subfield code="t">Richmond weekly Whig (Richmond, Va. : 1842)</subfield><subfield code="w">(DLC)sn 84024659</subfield><subfield code="w">(OCoLC)10988392</subfield></datafield><datafield ind1="0" ind2="0" tag="780"><subfield code="t">Richmond daily Whig (Richmond, Va. : 1842)</subfield><subfield code="w">(DLC)sn 84024656</subfield><subfield code="w">(OCoLC)10988435</subfield></datafield><datafield ind1="0" ind2="0" tag="785"><subfield code="t">Richmond Whig (Richmond, Va. : 1862)</subfield><subfield code="w">(DLC)sn 84024669</subfield><subfield code="w">(OCoLC)1772089</subfield></datafield><datafield ind1=" " ind2=" " tag="938"><subfield code="a">Kirtas Technologies, Inc.</subfield><subfield code="b">KRTS</subfield><subfield code="n">739701</subfield></datafield></record>